<record xmlns="http://www.loc.gov/MARC21/slim" xmlns:xsi="http://www.w3.org/2001/XMLSchema-instance" xsi:schemaLocation="http://www.loc.gov/MARC21/slim http://www.loc.gov/standards/marcxml/schema/MARC21slim.xsd"><leader>00409cz   2200169n  4500</leader><controlfield tag="001">oca00068768 </controlfield><controlfield tag="005">19861217142607.6</controlfield><controlfield tag="008">800721n| acannaab|          |a aaa |||  </controlfield><datafield ind1=" " ind2=" " tag="010"><subfield code="a">n  50033430 </subfield></datafield><datafield ind1=" " ind2=" " tag="040"><subfield code="a">DLC</subfield><subfield code="c">DLC</subfield><subfield code="d">DLC</subfield></datafield><datafield ind1="0" ind2=" " tag="100"><subfield code="a">Theocritus.</subfield></datafield><datafield ind1="0" ind2=" " tag="400"><subfield code="a">TeoÌ&#x81;crito</subfield></datafield><datafield ind1="0" ind2=" " tag="400"><subfield code="a">Teokryt</subfield></datafield><datafield ind1="0" ind2=" " tag="400"><subfield code="a">TheoÌ&#x81;kritos</subfield></datafield><datafield ind1="0" ind2=" " tag="400"><subfield code="a">Feokrit</subfield></datafield><datafield ind1="0" ind2=" " tag="400"><subfield code="a">Theokrit</subfield></datafield><datafield ind1=" " ind2=" " tag="670"><subfield code="a">Theokrit und die griechische Bukolik, 1986.</subfield></datafield></record>